
@article{chen-2016-exper-theor,
  author =       {Yao Chen and Xiaosong Zhang and Yonggao Yin},
  title =        {Experimental and Theoretical Analysis of Liquid
                  Desiccant Dehumidification Process Based on an
                  Advanced Hybrid Air-Conditioning System},
  journal =      {Applied Thermal Engineering},
  volume =       98,
  pages =        {387-399},
  year =         2016,
  doi =          {10.1016/j.applthermaleng.2015.12.066},
  url =
                  {http://dx.doi.org/10.1016/j.applthermaleng.2015.12.066},
  DATE_ADDED =   {Wed Jun 29 16:29:14 2016},
}

